TradeTimestamp,tradePrice,tradeQuantity,side,tradeId
2021-10-10T17:10:52.439,0.6110,5,5,BUY,1879365363239146212
2021-10-10T17:10:46.939,0.6109,8,8,BUY,1879365178681221188
2021-10-10T17:10:45.061,0.6112,21,21,BUY,1879365115665782308
2021-10-10T17:10:41.442,0.6108,4,4,BUY,1879364994224391844
2021-10-10T17:10:36.468,0.6110,36,36,BUY,1879364827334032228
2021-10-10T17:10:35.947,0.6111,5,5,BUY,1879364809860796868
2021-10-10T17:10:30.852,0.6110,1,1,SELL,1879364638904309828
2021-10-10T17:10:30.436,0.6110,5,5,BUY,1879364624930773284
2021-10-10T17:10:24.940,0.6109,2,2,BUY,1879364440514816996
2021-10-10T17:10:19.436,0.6108,1,1,SELL,1879364255849944708
2021-10-10T17:10:13.936,0.6108,1,1,BUY,1879364071291330116
2021-10-10T17:10:07.642,0.6109,2,2,SELL,1879363860111499364
2021-10-10T17:10:05.064,0.6112,20,20,BUY,1879363773588603428
2021-10-10T17:10:05.064,0.6112,24,24,BUY,1879363773588436612
2021-10-10T17:10:04.637,0.6089,37,37,SELL,1879363759274612804
2021-10-10T17:10:04.637,0.6090,61,61,SELL,1879363759274521924
2021-10-10T17:10:04.637,0.6110,1,1,SELL,1879363759274311492
2021-10-10T17:10:02.936,0.6110,4,4,BUY,1879363702179488452
2021-10-10T17:09:58.548,0.6088,40,40,SELL,1879363554950418692
2021-10-10T17:09:58.548,0.6097,38,38,SELL,1879363554950218884
2021-10-10T17:09:57.837,0.6110,2,2,SELL,1879363531133925348
2021-10-10T17:09:57.436,0.6110,3,3,BUY,1879363517659539332
2021-10-10T17:09:56.553,0.6096,88,88,SELL,1879363488002801956
2021-10-10T17:09:51.938,0.6110,7,7,SELL,1879363333146715908
2021-10-10T17:09:46.456,0.6111,4,4,SELL,1879363149222217572
2021-10-10T17:09:46.383,0.6112,11,11,BUY,1879363146770273796
2021-10-10T17:09:40.936,0.6112,7,7,BUY,1879362963989654116
2021-10-10T17:09:35.439,0.6107,6,6,BUY,1879362779553713828
2021-10-10T17:09:29.947,0.6110,4,4,BUY,1879362595276229988
2021-10-10T17:09:24.136,0.6112,59,59,SELL,1879362400280430884
2021-10-10T17:09:23.636,0.6111,5,5,SELL,1879362383504505924
2021-10-10T17:09:18.047,0.6112,2,2,SELL,1879362195953238148
2021-10-10T17:09:12.852,0.6113,6,6,SELL,1879362021649769444
2021-10-10T17:09:07.936,0.6114,6,6,SELL,1879361856687680004
2021-10-10T17:09:05.549,0.6107,38,38,SELL,1879361776617475684
2021-10-10T17:09:02.248,0.6115,5,5,SELL,1879361665826734596
2021-10-10T17:08:57.049,0.6116,4,4,SELL,1879361491382645316
2021-10-10T17:08:56.738,0.6129,15,15,BUY,1879361480958234276
2021-10-10T17:08:56.738,0.6116,4,4,BUY,1879361480957969476
2021-10-10T17:08:51.440,0.6116,6,6,BUY,1879361303170938756
2021-10-10T17:08:48.060,0.6130,5,5,BUY,1879361189784302404
2021-10-10T17:08:48.060,0.6127,50,50,BUY,1879361189784101796
2021-10-10T17:08:46.838,0.6128,11,11,BUY,1879361148760968932
2021-10-10T17:08:46.838,0.6115,3,3,BUY,1879361148760707236
2021-10-10T17:08:45.947,0.6115,3,3,SELL,1879361118858662052
2021-10-10T17:08:40.437,0.6116,6,6,BUY,1879360933997013444
2021-10-10T17:08:38.537,0.6103,53,53,SELL,1879360870216235332
2021-10-10T17:08:38.537,0.6104,34,34,SELL,1879360870216159492
2021-10-10T17:08:38.447,0.6127,86,86,BUY,1879360867196491972
2021-10-10T17:08:35.580,0.6114,107,107,SELL,1879360771017563236
2021-10-10T17:08:35.077,0.6113,2,2,SELL,1879360754138180612
2021-10-10T17:08:34.937,0.6113,4,4,SELL,1879360749425957988
2021-10-10T17:08:31.556,0.6103,33,33,SELL,1879360636004998180
2021-10-10T17:08:29.436,0.6114,3,3,BUY,1879360564855020932
2021-10-10T17:08:23.939,0.6111,4,4,SELL,1879360380420273956
2021-10-10T17:08:19.652,0.6111,32,32,BUY,1879360236565464004
2021-10-10T17:08:18.442,0.6111,2,2,BUY,1879360195957278276
2021-10-10T17:08:14.180,0.6114,57,57,SELL,1879360052933733412
2021-10-10T17:08:12.936,0.6114,8,8,SELL,1879360011220574564
2021-10-10T17:08:06.436,0.6111,7,7,SELL,1879359793116105060
2021-10-10T17:08:01.946,0.6109,4,4,SELL,1879359642459062660
2021-10-10T17:08:01.039,0.6126,51,51,BUY,1879359611995401700
2021-10-10T17:07:56.436,0.6110,6,6,SELL,1879359457547857188
2021-10-10T17:07:50.939,0.6111,1,1,SELL,1879359273123737188
2021-10-10T17:07:49.461,0.6110,72,72,BUY,1879359223504620196
2021-10-10T17:07:46.948,0.6128,7,7,BUY,1879359139180377732
2021-10-10T17:07:46.947,0.6112,5,5,BUY,1879359139179959332
2021-10-10T17:07:45.547,0.6100,29,29,SELL,1879359092173601860
2021-10-10T17:07:45.547,0.6101,68,68,SELL,1879359092173427428
2021-10-10T17:07:45.181,0.6112,9,9,SELL,1879359079918023140
2021-10-10T17:07:44.048,0.6101,11,11,SELL,1879359041897000292
2021-10-10T17:07:41.949,0.6105,22,22,SELL,1879358971441616932
2021-10-10T17:07:39.936,0.6114,5,5,BUY,1879358903914143972
2021-10-10T17:07:36.167,0.6112,42,42,BUY,1879358777447188036
2021-10-10T17:07:34.749,0.6112,23,23,BUY,1879358729846580004
2021-10-10T17:07:34.436,0.6112,3,3,BUY,1879358719363163236
2021-10-10T17:07:32.842,0.6100,16,16,SELL,1879358665863763364
2021-10-10T17:07:32.842,0.6111,10,10,SELL,1879358665863665636
2021-10-10T17:07:32.842,0.6112,59,59,SELL,1879358665863429604
2021-10-10T17:07:32.037,0.6111,33,33,SELL,1879358638846992676
2021-10-10T17:07:30.864,0.6111,43,43,BUY,1879358599511466020
2021-10-10T17:07:30.256,0.6111,93,93,BUY,1879358579106395300
2021-10-10T17:07:28.739,0.6101,51,51,SELL,1879358528199099780
2021-10-10T17:07:28.739,0.6102,42,42,SELL,1879358528199044548
2021-10-10T17:07:28.739,0.6112,3,3,SELL,1879358528198831876
2021-10-10T17:07:28.238,0.6127,95,95,BUY,1879358511394645732
2021-10-10T17:07:23.440,0.6113,5,5,BUY,1879358350401691716
2021-10-10T17:07:18.257,0.6098,21,21,SELL,1879358176483526404
2021-10-10T17:07:18.257,0.6099,16,16,SELL,1879358176483472548
2021-10-10T17:07:18.257,0.6112,3,3,SELL,1879358176483362948
2021-10-10T17:07:17.941,0.6112,4,4,BUY,1879358165865674340
2021-10-10T17:07:12.441,0.6111,6,6,SELL,1879357981344590500
2021-10-10T17:07:09.243,0.6129,81,81,BUY,1879357874012010404
2021-10-10T17:07:06.936,0.6112,8,8,SELL,1879357796613392612
2021-10-10T17:07:04.836,0.6129,2,2,BUY,1879357726150764836
2021-10-10T17:07:04.638,0.6114,36,36,SELL,1879357719521672996
2021-10-10T17:07:03.281,0.6113,5,5,SELL,1879357673964446692
2021-10-10T17:07:01.438,0.6113,1,1,BUY,1879357612118591748
2021-10-10T17:07:01.375,0.6101,23,23,SELL,1879357610024530148
2021-10-10T17:07:00.548,0.6113,4,4,BUY,1879357582258592292
2021-10-10T17:06:56.076,0.6112,6,6,BUY,1879357432211787012
2021-10-10T17:06:55.266,0.6098,8,8,SELL,1879357405023831844
2021-10-10T17:06:55.266,0.6112,5,5,SELL,1879357405023794404
2021-10-10T17:06:55.266,0.6114,7,7,SELL,1879357405023607012
2021-10-10T17:06:49.936,0.6112,5,5,BUY,1879357226202527876
2021-10-10T17:06:49.836,0.6099,47,47,SELL,1879357222838349860
2021-10-10T17:06:49.836,0.6100,9,9,SELL,1879357222838167460
2021-10-10T17:06:48.176,0.6098,72,72,SELL,1879357167125739396
2021-10-10T17:06:48.176,0.6099,12,12,SELL,1879357167125602436
2021-10-10T17:06:44.936,0.6109,2,2,SELL,1879357058420731332
2021-10-10T17:06:40.136,0.6100,1,1,SELL,1879356897363468132
2021-10-10T17:06:40.136,0.6104,38,38,SELL,1879356897363388708
2021-10-10T17:06:40.136,0.6105,59,59,SELL,1879356897363143524
2021-10-10T17:06:39.440,0.6110,1,1,BUY,1879356873984164900
2021-10-10T17:06:39.440,0.6110,5,5,BUY,1879356874017239652
2021-10-10T17:06:35.457,0.6104,38,38,SELL,1879356740357319268
2021-10-10T17:06:35.240,0.6108,4,4,BUY,1879356733065337412
2021-10-10T17:06:34.336,0.6105,35,35,SELL,1879356702742624196
2021-10-10T17:06:33.936,0.6108,4,4,SELL,1879356689307607780
2021-10-10T17:06:31.240,0.6109,25,25,SELL,1879356598837646948
2021-10-10T17:06:28.445,0.6109,3,3,BUY,1879356505059017188
2021-10-10T17:06:27.842,0.6104,17,17,SELL,1879356484834547012
2021-10-10T17:06:23.736,0.6106,42,42,SELL,1879356347073417444
2021-10-10T17:06:23.736,0.6108,6,6,SELL,1879356347073285604
2021-10-10T17:06:22.547,0.6108,2,2,BUY,1879356307157184836
2021-10-10T17:06:17.440,0.6109,2,2,SELL,1879356135787992740
2021-10-10T17:06:11.478,0.6107,4,4,BUY,1879355935752214852
2021-10-10T17:06:10.340,0.6129,61,61,BUY,1879355897551715844
2021-10-10T17:06:06.437,0.6105,6,6,BUY,1879355766601707652
2021-10-10T17:06:06.250,0.6104,124,124,BUY,1879355760320590020
2021-10-10T17:06:00.952,0.6104,2,2,SELL,1879355582542977796
2021-10-10T17:05:57.362,0.6097,5,5,SELL,1879355462099878148
2021-10-10T17:05:57.362,0.6106,8,8,SELL,1879355462099741988
2021-10-10T17:05:55.447,0.6105,5,5,SELL,1879355397852137028
2021-10-10T17:05:53.236,0.6097,8,8,SELL,1879355323659007396
2021-10-10T17:05:49.736,0.6106,5,5,BUY,1879355206220406148
2021-10-10T17:05:44.444,0.6105,7,7,SELL,1879355028648764740
2021-10-10T17:05:39.543,0.6128,40,40,BUY,1879354864193703492
2021-10-10T17:05:39.543,0.6110,37,37,BUY,1879354864193475908
2021-10-10T17:05:38.952,0.6106,3,3,BUY,1879354844349311940
2021-10-10T17:05:32.861,0.6106,5,5,SELL,1879354639980580900
2021-10-10T17:05:27.941,0.6109,4,4,BUY,1879354474902963332
2021-10-10T17:05:24.046,0.6110,5,5,BUY,1879354344186418116
2021-10-10T17:05:23.736,0.6110,13,13,SELL,1879354333787557252
2021-10-10T17:05:23.736,0.6110,42,42,SELL,1879354333782560356
2021-10-10T17:05:22.436,0.6109,7,7,SELL,1879354290172411748
2021-10-10T17:05:19.737,0.6091,20,20,SELL,1879354199596108612
2021-10-10T17:05:19.737,0.6098,28,28,SELL,1879354199595987300
2021-10-10T17:05:16.939,0.6110,4,4,SELL,1879354105716379012
2021-10-10T17:05:10.448,0.6110,3,3,BUY,1879353887929910756
2021-10-10T17:05:07.536,0.6127,1,1,BUY,1879353790226201156
2021-10-10T17:05:06.337,0.6096,46,46,SELL,1879353749985667940
2021-10-10T17:05:06.337,0.6101,35,35,SELL,1879353749985515684
2021-10-10T17:05:05.940,0.6112,4,4,BUY,1879353736669427076
2021-10-10T17:05:00.352,0.6112,5,5,SELL,1879353549154735396
2021-10-10T17:04:57.336,0.6125,11,11,BUY,1879353447955001156
2021-10-10T17:04:54.938,0.6113,6,6,BUY,1879353367504413220
2021-10-10T17:04:50.457,0.6125,41,41,BUY,1879353217150933988
2021-10-10T17:04:49.436,0.6112,4,4,BUY,1879353182869551012
2021-10-10T17:04:47.059,0.6111,68,68,SELL,1879353103124807524
2021-10-10T17:04:43.941,0.6110,5,5,SELL,1879352998499297892
2021-10-10T17:04:42.637,0.6099,77,77,SELL,1879352954756786436
2021-10-10T17:04:38.442,0.6110,3,3,BUY,1879352813974034756
2021-10-10T17:04:36.244,0.6129,79,79,BUY,1879352740222481988
2021-10-10T17:04:32.937,0.6128,49,49,BUY,1879352629259144196
2021-10-10T17:04:32.937,0.6108,4,4,BUY,1879352629259073092
2021-10-10T17:04:32.937,0.6108,4,4,SELL,1879352629255660964
2021-10-10T17:04:27.440,0.6109,2,2,BUY,1879352444817186948
2021-10-10T17:04:21.945,0.6108,3,3,BUY,1879352260435606916
2021-10-10T17:04:19.252,0.6135,83,83,BUY,1879352170066967236
2021-10-10T17:04:17.452,0.6106,6,6,BUY,1879352109680478436
2021-10-10T17:04:16.446,0.6106,4,4,SELL,1879352075906522628
2021-10-10T17:04:11.074,0.6136,27,27,BUY,1879351895654758564
2021-10-10T17:04:10.775,0.6107,2,2,BUY,1879351885625472516
2021-10-10T17:04:08.761,0.6102,99,99,SELL,1879351818054279492
2021-10-10T17:04:06.036,0.6139,72,72,BUY,1879351726628100708
2021-10-10T17:04:04.969,0.6102,47,47,SELL,1879351690800027844
2021-10-10T17:04:04.650,0.6106,5,5,BUY,1879351680118848612
2021-10-10T17:03:59.936,0.6105,3,3,SELL,1879351521933356356
2021-10-10T17:03:53.539,0.6106,1,1,BUY,1879351307278637508
2021-10-10T17:03:48.936,0.6104,5,5,BUY,1879351152852577412
2021-10-10T17:03:46.747,0.6138,6,6,BUY,1879351079384894148
2021-10-10T17:03:46.747,0.6136,47,47,BUY,1879351079384674820
2021-10-10T17:03:46.078,0.6136,26,26,BUY,1879351056927552004
2021-10-10T17:03:43.747,0.6103,2,2,BUY,1879350978706449252
2021-10-10T17:03:43.442,0.6103,6,6,SELL,1879350968495263076
2021-10-10T17:03:38.544,0.6102,46,46,SELL,1879350804133181412
2021-10-10T17:03:37.936,0.6103,6,6,SELL,1879350783738383204
2021-10-10T17:03:32.436,0.6104,5,5,SELL,1879350599176738116
2021-10-10T17:03:26.936,0.6106,7,7,SELL,1879350414627620804
2021-10-10T17:03:21.976,0.6106,3,3,BUY,1879350248213397092
2021-10-10T17:03:21.452,0.6106,1,1,BUY,1879350230640351780
2021-10-10T17:03:18.548,0.6136,14,14,BUY,1879350133183536484
2021-10-10T17:03:17.936,0.6100,29,29,SELL,1879350112633295332
2021-10-10T17:03:17.936,0.6106,58,58,SELL,1879350112633162468
2021-10-10T17:03:15.036,0.6105,3,3,BUY,1879350015337182052
2021-10-10T17:03:12.451,0.6137,4,4,BUY,1879349928598551044
2021-10-10T17:03:10.448,0.6104,3,3,BUY,1879349861394226468
2021-10-10T17:03:04.936,0.6101,2,2,SELL,1879349676433793028
2021-10-10T17:02:59.753,0.6102,2,2,BUY,1879349502512295748
